## Tensors
@ARTICLE{tensorReview,
author = {Tamara G. Kolda and Brett W. Bader},
title = {Tensor Decompositions and Applications},
journal = {SIAM REVIEW},
year = {2009},
volume = {51},
number = {3},
pages = {455--500}
}

@inproceedings{tensorface,
author = {Vasilescu, M. A. O. and Terzopoulos, Demetri},
title = {Multilinear Analysis of Image Ensembles: TensorFaces},
year = {2002},
isbn = {3540437452},
publisher = {Springer-Verlag},
address = {Berlin, Heidelberg},
booktitle = {Proceedings of the 7th European Conference on Computer Vision-Part I},
pages = {447–460},
numpages = {14},
series = {ECCV ’02}
}



## Theory
@inproceedings{imagenet,
        AUTHOR = {Deng, J. and Dong, W. and Socher, R. and Li, L.-J. and Li, K. and Fei-Fei, L.},
        TITLE = {{ImageNet: A Large-Scale Hierarchical Image Database}},
        BOOKTITLE = {CVPR09},
        YEAR = {2009},
        BIBSOURCE = "http://www.image-net.org/papers/imagenet_cvpr09.bib"}

## GAN Papers.

@misc{gan,
Author = {Ian J. Goodfellow and Jean Pouget-Abadie and Mehdi Mirza and Bing Xu and David Warde-Farley and Sherjil Ozair and Aaron Courville and Yoshua Bengio},
Title = {Generative Adversarial Networks},
Year = {2014},
Eprint = {arXiv:1406.2661},
}

@misc{dcgan,
Author = {Alec Radford and Luke Metz and Soumith Chintala},
Title = {Unsupervised Representation Learning with Deep Convolutional Generative Adversarial Networks},
Year = {2015},
Eprint = {arXiv:1511.06434},
}


@misc{progan,
Author = {Tero Karras and Timo Aila and Samuli Laine and Jaakko Lehtinen},
Title = {Progressive Growing of GANs for Improved Quality, Stability, and Variation},
Year = {2017},
Eprint = {arXiv:1710.10196},
}

@misc{biggan,
Author = {Andrew Brock and Jeff Donahue and Karen Simonyan},
Title = {Large Scale GAN Training for High Fidelity Natural Image Synthesis},
Year = {2018},
Eprint = {arXiv:1809.11096},
}

@misc{sagan,
Author = {Han Zhang and Ian Goodfellow and Dimitris Metaxas and Augustus Odena},
Title = {Self-Attention Generative Adversarial Networks},
Year = {2018},
Eprint = {arXiv:1805.08318},
}

@misc{stylegan,
Author = {Tero Karras and Samuli Laine and Timo Aila},
Title = {A Style-Based Generator Architecture for Generative Adversarial Networks},
Year = {2018},
Eprint = {arXiv:1812.04948},
}

@misc{adain,
Author = {Xun Huang and Serge Belongie},
Title = {Arbitrary Style Transfer in Real-time with Adaptive Instance Normalization},
Year = {2017},
Eprint = {arXiv:1703.06868},
}

@misc{cyclegan,
Author = {Jun-Yan Zhu and Taesung Park and Phillip Isola and Alexei A. Efros},
Title = {Unpaired Image-to-Image Translation using Cycle-Consistent Adversarial Networks},
Year = {2017},
Eprint = {arXiv:1703.10593},
}

@misc{interfacegan,
Author = {Yujun Shen and Jinjin Gu and Xiaoou Tang and Bolei Zhou},
Title = {Interpreting the Latent Space of GANs for Semantic Face Editing},
Year = {2019},
Eprint = {arXiv:1907.10786},
}

@misc{styletransfer,
Author = {Xun Huang and Serge Belongie},
Title = {Arbitrary Style Transfer in Real-time with Adaptive Instance Normalization},
Year = {2017},
Eprint = {arXiv:1703.06868},
}

@misc{Image2StyleGAN,
Author = {Rameen Abdal and Yipeng Qin and Peter Wonka},
Title = {Image2StyleGAN: How to Embed Images Into the StyleGAN Latent Space?},
Year = {2019},
Eprint = {arXiv:1904.03189},
}

##VAEs

@misc{vae1,
Author = {Diederik P Kingma and Max Welling},
Title = {Auto-Encoding Variational Bayes},
Year = {2013},
Eprint = {arXiv:1312.6114},
}

@misc{vae2,
Author = {Danilo Jimenez Rezende and Shakir Mohamed and Daan Wierstra},
Title = {Stochastic Backpropagation and Approximate Inference in Deep Generative Models},
Year = {2014},
Eprint = {arXiv:1401.4082},
}

@misc{vaeintro,
Author = {Diederik P. Kingma and Max Welling},
Title = {An Introduction to Variational Autoencoders},
Year = {2019},
Eprint = {arXiv:1906.02691},
}

@misc{vqvae,
Author = {Aaron van den Oord and Oriol Vinyals and Koray Kavukcuoglu},
Title = {Neural Discrete Representation Learning},
Year = {2017},
Eprint = {arXiv:1711.00937},
}

@misc{vqvae2,
Author = {Ali Razavi and Aaron van den Oord and Oriol Vinyals},
Title = {Generating Diverse High-Fidelity Images with VQ-VAE-2},
Year = {2019},
Eprint = {arXiv:1906.00446},
}


## 3D reconstruction

@inproceedings{ProjectiveStructure,
author = {Graßhof, Stella and Ackermann, Hanno and Kuhnke, Felix and Ostermann, Jörn and Brandt, Sami},
year = {2017},
month = {05},
pages = {},
title = {Projective Structure from Facial Motion},
doi = {10.23919/MVA.2017.7986860}
}

@article {apathy,
  author = {Stella Gra{\"s}hof and Hanno Ackermann and Sami Brandt and J{\"o}rn Ostermann},
  title = {Apathy is the Root of all Expressions},
  journal = {12th IEEE Conference on Automatic Face and Gesture Recognition (FG2017)},
  year = {2017},
  doi = {10.1109/FG.2017.83}
}


@article{largepose,
  title={Large Pose 3D Face Reconstruction from a Single Image via Direct Volumetric CNN Regression},
  author={Jackson, Aaron S and Bulat, Adrian and Argyriou, Vasileios and Tzimiropoulos, Georgios},
  journal={International Conference on Computer Vision},
  year={2017}
}

## Datasets
@inproceedings{celebA,
 title = {Deep Learning Face Attributes in the Wild},
 author = {Liu, Ziwei and Luo, Ping and Wang, Xiaogang and Tang, Xiaoou},
 booktitle = {Proceedings of International Conference on Computer Vision (ICCV)},
 month = {December},
 year = {2015}
}

@misc{faceaging,
Author = {Grigory Antipov and Moez Baccouche and Jean-Luc Dugelay},
Title = {Face Aging With Conditional Generative Adversarial Networks},
Year = {2017},
Eprint = {arXiv:1702.01983},
}
